@inproceedings{Abal2017EffectiveBF,
  title={Effective Bug Finding in C Programs with Shape and Effect Abstractions},
  author={Iago Abal and Claus Brabrand and Andrzej Wasowski},
  booktitle={VMCAI},
  year={2017}
}

@inproceedings{EffectiveBugFinding,
author = {Abal, Iago and Brabrand, Claus and Wasowski, Andrzej},
year = {2017},
month = {01},
pages = {34-54},
title = {Effective Bug Finding in C Programs with Shape and Effect Abstractions},
isbn = {978-3-319-52233-3},
doi = {10.1007/978-3-319-52234-0_3}
}

@misc{unlockPOSIX, 
title = {pthread\_spin\_unlock - unlock a spin lock object}, 
author = {IEEE and The Open Group},
url = {https://pubs.opengroup.org/onlinepubs/9699919799/}, 
journal = {The Open Group Base Specifications Issue 7, 2018 edition}, 
publisher = {IEEE and The Open Group}, 
year = {2017}
}